<marc:collection xmlns:marc="http://www.loc.gov/MARC21/slim" xmlns:xsi="http://www.w3.org/2001/XMLSchema-instance" xsi:schemaLocation="http://www.loc.gov/MARC21/slim http://www.loc.gov/standards/marcxml/schema/MARC21slim.xsd">
    <marc:record type="Bibliographic">
        <marc:leader>01441cem a22003253a 4500</marc:leader>
        <marc:controlfield tag="001">6804869</marc:controlfield>
        <marc:controlfield tag="005">20141202103503.0</marc:controlfield>
        <marc:controlfield tag="008">110110s1930    xx f      a     0   eng d</marc:controlfield>
        <marc:datafield tag="034" ind1="1" ind2=" ">
            <marc:subfield code="a">a</marc:subfield>
            <marc:subfield code="b">125000</marc:subfield>
            <marc:subfield code="d">-74.93333333333334</marc:subfield>
            <marc:subfield code="e">-74</marc:subfield>
            <marc:subfield code="f">42.55</marc:subfield>
            <marc:subfield code="g">41.583333333333336</marc:subfield>
        </marc:datafield>
        <marc:datafield tag="035" ind1=" " ind2=" ">
            <marc:subfield code="a">(NjP Geomap) 7382</marc:subfield>
        </marc:datafield>
        <marc:datafield tag="040" ind1=" " ind2=" ">
            <marc:subfield code="c">NjP</marc:subfield>
        </marc:datafield>
        <marc:datafield tag="041" ind1="0" ind2=" ">
            <marc:subfield code="a">eng</marc:subfield>
        </marc:datafield>
        <marc:datafield tag="245" ind1="0" ind2="0">
            <marc:subfield code="a">Map of the glacial geology of the Catskill Mountains</marc:subfield>
            <marc:subfield code="h">[cartographic material].</marc:subfield>
        </marc:datafield>
        <marc:datafield tag="255" ind1=" " ind2=" ">
            <marc:subfield code="a">Scale 1:125,000</marc:subfield>
            <marc:subfield code="c">(W 74°56ʹ--W 74°0ʹ/N 42°33ʹ--N 41°35ʹ)</marc:subfield>
        </marc:datafield>
        <marc:datafield tag="260" ind1=" " ind2=" ">
            <marc:subfield code="a">Albany, N.Y. :</marc:subfield>
            <marc:subfield code="b">University of the State of New York, New York State Museum,</marc:subfield>
            <marc:subfield code="c">1930.</marc:subfield>
        </marc:datafield>
        <marc:datafield tag="300" ind1=" " ind2=" ">
            <marc:subfield code="a">1 map on 2 sheets.</marc:subfield>
        </marc:datafield>
        <marc:datafield tag="490" ind1="0" ind2=" ">
            <marc:subfield code="a">New York State Museum. Bulletin ;</marc:subfield>
            <marc:subfield code="v">299</marc:subfield>
        </marc:datafield>
        <marc:datafield tag="490" ind1="0" ind2=" ">
            <marc:subfield code="a">New York State Museum. Bulletin ;</marc:subfield>
            <marc:subfield code="v">299</marc:subfield>
        </marc:datafield>
        <marc:datafield tag="500" ind1=" " ind2=" ">
            <marc:subfield code="a">Companion text: Glacial geology of the Catskills / John Lyon Rich. New York. State Museum. Bulletin 299; 1935. 180p. 1 pl.</marc:subfield>
        </marc:datafield>
        <marc:datafield tag="500" ind1=" " ind2=" ">
            <marc:subfield code="a">Relief shown by form lines. Map is plate 1 accompanied by plate 2: Map of the Catskill Mountain region showing positions of the ice front during the glacial retreat.</marc:subfield>
        </marc:datafield>
        <marc:datafield tag="546" ind1=" " ind2=" ">
            <marc:subfield code="a">In English.</marc:subfield>
        </marc:datafield>
        <marc:datafield tag="650" ind1=" " ind2="0">
            <marc:subfield code="a">Glaciology.</marc:subfield>
        </marc:datafield>
        <marc:datafield tag="650" ind1=" " ind2="0">
            <marc:subfield code="a">Glacial epoch.</marc:subfield>
        </marc:datafield>
        <marc:datafield tag="651" ind1=" " ind2="0">
            <marc:subfield code="a">Catskill Mountains (N.Y.)</marc:subfield>
            <marc:subfield code="v">Maps.</marc:subfield>
        </marc:datafield>
        <marc:datafield tag="651" ind1=" " ind2="7">
            <marc:subfield code="a">U.S.--NY--Catskill Mts.</marc:subfield>
            <marc:subfield code="2">local</marc:subfield>
        </marc:datafield>
        <marc:datafield tag="700" ind1="1" ind2=" ">
            <marc:subfield code="a">Rich, John L.</marc:subfield>
        </marc:datafield>
        <marc:datafield tag="852" ind1="8" ind2=" ">
            <marc:subfield code="b">scimc</marc:subfield>
            <marc:subfield code="h">G3801.C5.svar.N4Y6 BM-299</marc:subfield>
        </marc:datafield>
        <marc:datafield tag="852" ind1="8" ind2=" ">
            <marc:subfield code="b">scidoc</marc:subfield>
            <marc:subfield code="h">8566.677 no.299 (text)</marc:subfield>
        </marc:datafield>
        <marc:datafield tag="856" ind1="4" ind2=" ">
            <marc:subfield code="u">http://gisserver.princeton.edu/map/2485</marc:subfield>
        </marc:datafield>
        <marc:datafield tag="856" ind1="4" ind2=" ">
            <marc:subfield code="u">http://gisserver.princeton.edu/map/2485</marc:subfield>
        </marc:datafield>
    </marc:record>
    <marc:record type="Holdings">
        <marc:leader>00189nx  a22000851  4500</marc:leader>
        <marc:controlfield tag="001">6729211</marc:controlfield>
        <marc:controlfield tag="004">6804869</marc:controlfield>
        <marc:controlfield tag="005">20110919205323.0</marc:controlfield>
        <marc:controlfield tag="008">1109190u||||8|||4001uu|||0000000</marc:controlfield>
        <marc:datafield tag="852" ind1="8" ind2=" ">
            <marc:subfield code="b">scimc</marc:subfield>
            <marc:subfield code="h">G3801.C5.svar.N4Y6 BM-299</marc:subfield>
        </marc:datafield>
    </marc:record>
    <marc:record type="Holdings">
        <marc:leader>00182nx  a22000854  4500</marc:leader>
        <marc:controlfield tag="001">7316919</marc:controlfield>
        <marc:controlfield tag="004">6804869</marc:controlfield>
        <marc:controlfield tag="005">20130513161429.0</marc:controlfield>
        <marc:controlfield tag="008">1305134u    8   1001uu   0901128</marc:controlfield>
        <marc:datafield tag="852" ind1="8" ind2=" ">
            <marc:subfield code="b">elf1</marc:subfield>
            <marc:subfield code="h">Electronic Resource</marc:subfield>
        </marc:datafield>
    </marc:record>
</marc:collection>
